%%% ====================================================================
%%%  BibTeX-file{
%%%     author          = "Gerry Murray",
%%%     version         = "1.2",
%%%     date            = "2 April 2012",
%%%     filename        = "acmsmall-sample-bibfile.bib",
%%%     address         = "ACM, NY",
%%%     email           = "murray at hq.acm.org",
%%%     codetable       = "ISO/ASCII",
%%%     keywords        = "ACM Reference Format, bibliography, citation, references",
%%%     supported       = "yes",
%%%     docstring       = "This BibTeX database file contains 'bibdata' entries
%%%                        that 'match' the examples provided in the Specifications Document
%%%                        AND, also, 'legacy'-type bibs. It should assist authors in
%%%                        choosing the 'correct' at-bibtype and necessary bib-fields
%%%                        so as to obtain the appropriate ACM Reference Format output.
%%%                        It also contains many 'Standard Abbreviations'. "
%%%  }
%%% ====================================================================

% Journals

% First the Full Name is given, then the abbreviation used in the AMS Math
% Reviews, with an indication if it could not be found there.
% Note the 2nd overwrites the 1st, so swap them if you want the full name.

 %{AMS}
 @String{AMSTrans = "American Mathematical Society Translations" }
 @String{AMSTrans = "Amer. Math. Soc. Transl." }
 @String{BullAMS = "Bulletin of the American Mathematical Society" }
 @String{BullAMS = "Bull. Amer. Math. Soc." }
 @String{ProcAMS = "Proceedings of the American Mathematical Society" }
 @String{ProcAMS = "Proc. Amer. Math. Soc." }
 @String{TransAMS = "Transactions of the American Mathematical Society" }
 @String{TransAMS = "Trans. Amer. Math. Soc." }

 %ACM
 @String{CACM = "Communications of the {ACM}" }
 @String{CACM = "Commun. {ACM}" }
 @String{CompServ = "Comput. Surveys" }
 @String{JACM = "J. ACM" }
 @String{ACMMathSoft = "{ACM} Transactions on Mathematical Software" }
 @String{ACMMathSoft = "{ACM} Trans. Math. Software" }
 @String{SIGNUM = "{ACM} {SIGNUM} Newsletter" }
 @String{SIGNUM = "{ACM} {SIGNUM} Newslett." }

 @String{AmerSocio = "American Journal of Sociology" }
 @String{AmerStatAssoc = "Journal of the American Statistical Association" }
 @String{AmerStatAssoc = "J. Amer. Statist. Assoc." }
 @String{ApplMathComp = "Applied Mathematics and Computation" }
 @String{ApplMathComp = "Appl. Math. Comput." }
 @String{AmerMathMonthly = "American Mathematical Monthly" }
 @String{AmerMathMonthly = "Amer. Math. Monthly" }
 @String{BIT = "{BIT}" }
 @String{BritStatPsych = "British Journal of Mathematical and Statistical
          Psychology" }
 @String{BritStatPsych = "Brit. J. Math. Statist. Psych." }
 @String{CanMathBull = "Canadian Mathematical Bulletin" }
 @String{CanMathBull = "Canad. Math. Bull." }
 @String{CompApplMath = "Journal of Computational and Applied Mathematics" }
 @String{CompApplMath = "J. Comput. Appl. Math." }
 @String{CompPhys = "Journal of Computational Physics" }
 @String{CompPhys = "J. Comput. Phys." }
 @String{CompStruct = "Computers and Structures" }
 @String{CompStruct = "Comput. \& Structures" }
 @String{CompJour = "The Computer Journal" }
 @String{CompJour = "Comput. J." }
 @String{CompSysSci = "Journal of Computer and System Sciences" }
 @String{CompSysSci = "J. Comput. System Sci." }
 @String{Computing = "Computing" }
 @String{ContempMath = "Contemporary Mathematics" }
 @String{ContempMath = "Contemp. Math." }
 @String{Crelle = "Crelle's Journal" }
 @String{GiornaleMath = "Giornale di Mathematiche" }
 @String{GiornaleMath = "Giorn. Mat." } % didn't find in AMS MR., ibid.

 %IEEE
 @String{Computer = "{IEEE} Computer" }
 @String{IEEETransComp = "{IEEE} Transactions on Computers" }
 @String{IEEETransComp = "{IEEE} Trans. Comput." }
 @String{IEEETransAC = "{IEEE} Transactions on Automatic Control" }
 @String{IEEETransAC = "{IEEE} Trans. Automat. Control" }
 @String{IEEESpec = "{IEEE} Spectrum" } % didn't find in AMS MR
 @String{ProcIEEE = "Proceedings of the {IEEE}" }
 @String{ProcIEEE = "Proc. {IEEE}" } % didn't find in AMS MR
 @String{IEEETransAeroElec = "{IEEE} Transactions on Aerospace and Electronic
     Systems" }
 @String{IEEETransAeroElec = "{IEEE} Trans. Aerospace Electron. Systems" }

 @String{IMANumerAna = "{IMA} Journal of Numerical Analysis" }
 @String{IMANumerAna = "{IMA} J. Numer. Anal." }
 @String{InfProcLet = "Information Processing Letters" }
 @String{InfProcLet = "Inform. Process. Lett." }
 @String{InstMathApp = "Journal of the Institute of Mathematics and
     its Applications" }
 @String{InstMathApp = "J. Inst. Math. Appl." }
 @String{IntControl = "International Journal of Control" }
 @String{IntControl = "Internat. J. Control" }
 @String{IntNumerEng = "International Journal for Numerical Methods in
     Engineering" }
 @String{IntNumerEng = "Internat. J. Numer. Methods Engrg." }
 @String{IntSuper = "International Journal of Supercomputing Applications" }
 @String{IntSuper = "Internat. J. Supercomputing Applic." } % didn't find
%% in AMS MR
 @String{Kibernetika = "Kibernetika" }
 @String{JResNatBurStand = "Journal of Research of the National Bureau
     of Standards" }
 @String{JResNatBurStand = "J. Res. Nat. Bur. Standards" }
 @String{LinAlgApp = "Linear Algebra and its Applications" }
 @String{LinAlgApp = "Linear Algebra Appl." }
 @String{MathAnaAppl = "Journal of Mathematical Analysis and Applications" }
 @String{MathAnaAppl = "J. Math. Anal. Appl." }
 @String{MathAnnalen = "Mathematische Annalen" }
 @String{MathAnnalen = "Math. Ann." }
 @String{MathPhys = "Journal of Mathematical Physics" }
 @String{MathPhys = "J. Math. Phys." }
 @String{MathComp = "Mathematics of Computation" }
 @String{MathComp = "Math. Comp." }
 @String{MathScand = "Mathematica Scandinavica" }
 @String{MathScand = "Math. Scand." }
 @String{TablesAidsComp = "Mathematical Tables and Other Aids to Computation" }
 @String{TablesAidsComp = "Math. Tables Aids Comput." }
 @String{NumerMath = "Numerische Mathematik" }
 @String{NumerMath = "Numer. Math." }
 @String{PacificMath = "Pacific Journal of Mathematics" }
 @String{PacificMath = "Pacific J. Math." }
 @String{ParDistComp = "Journal of Parallel and Distributed Computing" }
 @String{ParDistComp = "J. Parallel and Distrib. Comput." } % didn't find
%% in AMS MR
 @String{ParComputing = "Parallel Computing" }
 @String{ParComputing = "Parallel Comput." }
 @String{PhilMag = "Philosophical Magazine" }
 @String{PhilMag = "Philos. Mag." }
 @String{ProcNAS = "Proceedings of the National Academy of Sciences
                    of the USA" }
 @String{ProcNAS = "Proc. Nat. Acad. Sci. U. S. A." }
 @String{Psychometrika = "Psychometrika" }
 @String{QuartMath = "Quarterly Journal of Mathematics, Oxford, Series (2)" }
 @String{QuartMath = "Quart. J. Math. Oxford Ser. (2)" }
 @String{QuartApplMath = "Quarterly of Applied Mathematics" }
 @String{QuartApplMath = "Quart. Appl. Math." }
 @String{RevueInstStat = "Review of the International Statisical Institute" }
 @String{RevueInstStat = "Rev. Inst. Internat. Statist." }

 %SIAM
 @String{JSIAM = "Journal of the Society for Industrial and Applied
     Mathematics" }
 @String{JSIAM = "J. Soc. Indust. Appl. Math." }
 @String{JSIAMB = "Journal of the Society for Industrial and Applied
     Mathematics, Series B, Numerical Analysis" }
 @String{JSIAMB = "J. Soc. Indust. Appl. Math. Ser. B Numer. Anal." }
 @String{SIAMAlgMeth = "{SIAM} Journal on Algebraic and Discrete Methods" }
 @String{SIAMAlgMeth = "{SIAM} J. Algebraic Discrete Methods" }
 @String{SIAMAppMath = "{SIAM} Journal on Applied Mathematics" }
 @String{SIAMAppMath = "{SIAM} J. Appl. Math." }
 @String{SIAMComp = "{SIAM} Journal on Computing" }
 @String{SIAMComp = "{SIAM} J. Comput." }
 @String{SIAMMatrix = "{SIAM} Journal on Matrix Analysis and Applications" }
 @String{SIAMMatrix = "{SIAM} J. Matrix Anal. Appl." }
 @String{SIAMNumAnal = "{SIAM} Journal on Numerical Analysis" }
 @String{SIAMNumAnal = "{SIAM} J. Numer. Anal." }
 @String{SIAMReview = "{SIAM} Review" }
 @String{SIAMReview = "{SIAM} Rev." }
 @String{SIAMSciStat = "{SIAM} Journal on Scientific and Statistical
     Computing" }
 @String{SIAMSciStat = "{SIAM} J. Sci. Statist. Comput." }

 @String{SoftPracExp = "Software Practice and Experience" }
 @String{SoftPracExp = "Software Prac. Experience" } % didn't find in AMS MR
 @String{StatScience = "Statistical Science" }
 @String{StatScience = "Statist. Sci." }
 @String{Techno = "Technometrics" }
 @String{USSRCompMathPhys = "{USSR} Computational Mathematics and Mathematical
     Physics" }
 @String{USSRCompMathPhys = "{U. S. S. R.} Comput. Math. and Math. Phys." }
 @String{VLSICompSys = "Journal of {VLSI} and Computer Systems" }
 @String{VLSICompSys = "J. {VLSI} Comput. Syst." }
 @String{ZAngewMathMech = "Zeitschrift fur Angewandte Mathematik und
     Mechanik" }
 @String{ZAngewMathMech = "Z. Angew. Math. Mech." }
 @String{ZAngewMathPhys = "Zeitschrift fur Angewandte Mathematik und Physik" }
 @String{ZAngewMathPhys = "Z. Angew. Math. Phys." }

% Publishers % ================================================= |

 @String{Academic = "Academic Press" }
 @String{ACMPress = "{ACM} Press" }
 @String{AdamHilger = "Adam Hilger" }
 @String{AddisonWesley = "Addison-Wesley" }
 @String{AllynBacon = "Allyn and Bacon" }
 @String{AMS = "American Mathematical Society" }
 @String{Birkhauser = "Birkha{\"u}ser" }
 @String{CambridgePress = "Cambridge University Press" }
 @String{Chelsea = "Chelsea" }
 @String{ClaredonPress = "Claredon Press" }
 @String{DoverPub = "Dover Publications" }
 @String{Eyolles = "Eyolles" }
 @String{HoltRinehartWinston = "Holt, Rinehart and Winston" }
 @String{Interscience = "Interscience" }
 @String{JohnsHopkinsPress = "The Johns Hopkins University Press" }
 @String{JohnWileySons = "John Wiley and Sons" }
 @String{Macmillan = "Macmillan" }
 @String{MathWorks = "The Math Works Inc." }
 @String{McGrawHill = "McGraw-Hill" }
 @String{NatBurStd = "National Bureau of Standards" }
 @String{NorthHolland = "North-Holland" }
 @String{OxfordPress = "Oxford University Press" }  %address Oxford or London?
 @String{PergamonPress = "Pergamon Press" }
 @String{PlenumPress = "Plenum Press" }
 @String{PrenticeHall = "Prentice-Hall" }
 @String{SIAMPub = "{SIAM} Publications" }
 @String{Springer = "Springer-Verlag" }
 @String{TexasPress = "University of Texas Press" }
 @String{VanNostrand = "Van Nostrand" }
 @String{WHFreeman = "W. H. Freeman and Co." }

%Entries


% [ articles ] --------------------------------------------

@Article{Goodman2018,
  author        = "Laurie S. Goodman and Chrisopher Mayer",
  title         = "Homeownership and the American Dream",
  journal       = "Journal of Economic Perspectives",
  volume        = "32",
  number        = "1",
  month         = jan,
  year          = "2018",
  pages         = "31--58",
  doi           = "10.1257/jep.32.1.31",
  url           = "https://doi.org/10.1257/jep.32.1.31",
  note          = "",
}

@Article{Ceh2018,
  author        = "Marjan Čeh, Milan Kilibarda, Anka Lisec, and Branislav Bajat",
  title         = "Estimating the Performance of Random Forest versus Multiple Regression for Predicting Prices of the Apartments",
  journal       = "International Journal of Geo-Information",
  volume        = "7",
  number        = "5",
  month         = may,
  year          = "2018",
  pages         = "168--183",
  doi           = "10.3390/ijgi7050168",
  url           = "http://dx.doi.org/10.3390/ijgi7050168",
  note          = "",
}

@Article{Bin2004,
  author        = "Okmyung Bin",
  title         = "A prediction comparison of housing sales prices by parametric versus semi-parametric regressions",
  journal       = "Journal of Housing Economics",
  volume        = "13",
  number        = "1",
  month         = mar,
  year          = "2004",
  pages         = "68--84",
  doi           = "10.1016/j.jhe.2004.01.001",
  url           = "http://dx.doi.org/10.1016/j.jhe.2004.01.001",
  note          = "",
}

@Article{Kim2003,
  author        = "Chong Won Kim, Tim T. Phipps, and Luc Anselin",
  title         = "Measuring the benefits of air quality improvement: a spatial hedonic approach",
  journal       = "Journal of Environmental Economics and Management",
  volume        = "45",
  number        = "1",
  month         = aug,
  year          = "2003",
  pages         = "168--183",
  doi           = "10.1016/S0095-0696(02)00013-X",
  url           = "https://doi.org/10.1016/S0095-0696(02)00013-X",
  note          = "",
}

@Article{Manjuna2017,
  author        = "R. Manjula, Shubham Jain, Sharad Srivastava, and Pranav Rajiv Kher",
  title         = "Real estate value prediction using multivariate regression models",
  journal       = "IOP Converence Series: Materials Science and Engineering",
  volume        = "263",
  number        = "4",
  month         = nov,
  year          = "2017",
  pages         = "42098",
  doi           = "10.1088/1757-899X/263/4/042098",
  url           = "https://doi.org/10.1016/S0095-0696(02)00013-X",
  note          = "",
}

@Article{Nestico2020,
  author        = "Antonio Nesticò and Marianna La Marca",
  title         = "Urban Real Estate Values and Ecosystem Disservices: An Estimate Model Based on Regression Analysis",
  journal       = "Sustainability",
  volume        = "12",
  number        = "16",
  month         = aug,
  year          = "2020",
  pages         = "6304",
  doi           = "10.3390/su12166304",
  url           = "http://dx.doi.org/10.3390/su12166304",
  note          = "",
}

@Article{Carriazo2018,
  author        = "Fernando Carriazo and John Alexander Gomez-Mahecha",
  title         = "The demand for air quality: evidence from the
housing market in Bogotá, Colombia",
  journal       = "Environmental and Development Economics",
  volume        = "23",
  number        = "2",
  month         = apr,
  year          = "2018",
  pages         = "121--138",
  doi           = "10.1017/S1355770X18000050",
  url           = "http://dx.doi.org/10.1017/S1355770X18000050",
  note          = "",
}

@Article{Rosen1974,
  author        = "Sherwin Rosen",
  title         = "Hedonic Prices and Implicit Markets: Product Differentiation in Pure Competition",
  journal       = "The Journal of Political Economy",
  volume        = "82",
  number        = "1",
  month         = jan,
  year          = "1974",
  pages         = "34--55",
  doi           = "10.1086/260169",
  url           = "http://dx.doi.org/10.1086/260169",
  note          = "",
}

@Article{Anselin2006,
  author        = "Luc Anselin and Julie Le Gallo",
  title         = "Interpolation of Air Quality Measures in Hedonic House Price Models: Spatial Aspects",
  journal       = "Spatial Economic Analysis",
  volume        = "1",
  number        = "1",
  month         = jun,
  year          = "2006",
  pages         = "31-52",
  doi           = "10.1080/17421770600661337",
  url           = "https://doi.org/10.1080/17421770600661337",
  note          = "",
}

@Article{Bayer2009,
  author        = "Patrick Bayer, Nathaniel Keohane, and Christopher Timmins",
  title         = "Migration and hedonic valuation: The case of air quality",
  journal       = "Journal of Environmental Economics and Management",
  volume        = "58",
  number        = "1",
  month         = jan,
  year          = "2009",
  pages         = "1--14",
  doi           = "10.1016/j.jeem.2008.08.004",
  url           = "https://doi.org/10.1016/j.jeem.2008.08.004",
  note          = "",
}

@Article{Wang2021,
  author        = "Jianing Wang, Chyi Lin Lee, and Sara Shirowzhan",
  title         = "Macro-Impacts of Air Quality on Property Values in China—A Meta-Regression Analysis of the Literature",
  journal       = "Buildings",
  volume        = "11",
  number        = "2",
  month         = jan,
  year          = "2021",
  pages         = "1--25",
  doi           = "10.3390/buildings11020048",
  url           = "https://doi.org/10.3390/buildings11020048",
  note          = "",
}

@Article{Mei2020,
  author        = "Yingdan Mei, Li Gao, Jiawei Zhang, and Jiahoa Wang",
  title         = "Valuing urban air quality: a hedonic price analysis in Beijing, China",
  journal       = "Environmental Science and Pollution Research",
  volume        = "27",
  number        = "",
  month         = jan,
  year          = "2020",
  pages         = "1373--1385",
  doi           = "10.1007/s11356-019-06874-5",
  url           = "https://doi.org/10.1007/s11356-019-06874-5",
  note          = "",
}

@Article{Sun2020,
  author        = "Biao Sun and Yang Shan",
  title         = "Asymmetric and Spatial Non-Stationary Effects of Particulate Air Pollution on Urban Housing Prices in Chinese Cities",
  journal       = "International Journal of Environmental Research and Public Health",
  volume        = "17",
  number        = "20",
  month         = oct,
  year          = "2020",
  pages         = "7443",
  doi           = "10.3390/ijerph17207443",
  url           = "http://dx.doi.org/10.3390/ijerph17207443",
  note          = "",
}

@Article{Dai2020,
  author        = "Biao Sun and Yang Shan",
  title         = "Environmental risk and housing price: An empirical study of Nanjing, China",
  journal       = "Journal of Cleaner Production",
  volume        = "252",
  number        = "",
  month         = apr,
  year          = "2020",
  pages         = "119828",
  doi           = "10.1016/j.jclepro.2019.119828",
  url           = "https://doi.org/10.1016/j.jclepro.2019.119828",
  note          = "",
}

@Article{Chen2017,
  author        = "Dengke Chen and Shiyi Chen",
  title         = "Particulate air pollution and real estate valuation: Evidence from 286 Chinese prefecture-level cities over 2004–2013",
  journal       = "Energy Policy",
  volume        = "252",
  number        = "",
  month         = jun,
  year          = "2017",
  pages         = "884--897",
  doi           = "10.1016/j.enpol.2017.05.044",
  url           = "http://dx.doi.org/10.1016/j.enpol.2017.05.044",
  note          = "",
}

@Article{Chen2019,
  author        = "Shiyi Chen and Hao Jin",
  title         = "Pricing for the clean air: Evidence from Chinese housing market",
  journal       = "Journal of Cleaner Production",
  volume        = "206",
  number        = "",
  month         = jan,
  year          = "2019",
  pages         = "297--306",
  doi           = "10.1016/j.jclepro.2018.08.220",
  url           = "https://doi.org/10.1016/j.jclepro.2018.08.220",
  note          = "",
}

@Article{Zheng2014,
  author        = "Siqi Zheng, Jing Cao, Matthew E. Kahn, and Cong Sun",
  title         = "Real Estate Valuation and Cross-Boundary Air Pollution Externalities: Evidence from Chinese Cities",
  journal       = "The Journal of Real Estate Finance and Economics",
  volume        = "48",
  number        = "3",
  month         = apr,
  year          = "2014",
  pages         = "398--414",
  doi           = "10.1007/s11146-013-9405-4",
  url           = "https://doi.org/10.1007/s11146-013-9405-4",
  note          = "",
}

@Article{Morano2019,
  author        = "Pierluigi Morano, Paolo Rosato, Francesco Tajani, Benedetto Manganelli, and Felicia Di Liddo",
  title         = "Contextualized Property Market Models vs. Generalized Mass Appraisals: An Innovative Approach",
  journal       = "The Journal of Real Estate Finance and Economics",
  volume        = "48",
  number        = "3",
  month         = sep,
  year          = "2019",
  pages         = "4896",
  doi           = "10.3390/su11184896",
  url           = "http://dx.doi.org/10.3390/su11184896",
  note          = "",
}


@Article{Fletcher2000,
  author        = "Mike Fletcher, Paul Gallimore, and Jean Mangan",
  title         = "The modelling of housing submarkets",
  journal       = "Journal of Property Investment and Finance",
  volume        = "18",
  number        = "4",
  month         = aug,
  year          = "2000",
  pages         = "473--487",
  doi           = "10.1108/14635780010345436",
  url           = "http://dx.doi.org/10.1108/14635780010345436",
  note          = "",
}

@Article{Cassel1985,
  author        = "Eric Cassel, and Robert Mendelsohn",
  title         = "The choice of functional forms for hedonic price equations: Comment",
  journal       = "Journal of Urban Economics",
  volume        = "18",
  number        = "2",
  month         = sep,
  year          = "1985",
  pages         = "135--142",
  doi           = "10.1016/0094-1190(85)90012-9",
  url           = "https://doi.org/10.1016/0094-1190(85)90012-9",
  note          = "",
}

@Article{Fleishman2017,
  author        = "Larisa Fleishman, Nir Fogel, Israela Fridman, and Yaffa Shif",
  title         = "The effect of school performance on property values: a literature review and a case study",
  journal       = "Journal of European Real Estate Research",
  volume        = "10",
  number        = "3",
  month         = nov,
  year          = "2017",
  pages         = "277-302",
  doi           = "10.1108/JERER-09-2016-0035",
  url           = "http://dx.doi.org/10.1108/JERER-09-2016-0035",
  note          = "",
}

@Article{Seo2009,
  author        = "Youngme Seo and Robert Simons",
  title         = "The Effect of School Quality on Residential Sales Price",
  journal       = "The Journal of Real Estate Research",
  volume        = "31",
  number        = "3",
  month         = jun,
  year          = "2020",
  pages         = "307--327",
  doi           = "10.1080/10835547.2009.12091255",
  url           = "https://doi.org/10.1080/10835547.2009.12091255",
  eprint        = "https://doi.org/10.1080/10835547.2009.12091255",
  note          = "https://core.ac.uk/download/pdf/6935555.pdf",
}

@Article{Luttik2000,
  author        = "Joke Luttik",
  title         = "The value of trees, water and open space as reflected by house prices in the Netherlands",
  journal       = "Landscape and Urban Planning",
  volume        = "48",
  number        = "43-4",
  month         = may,
  year          = "2000",
  pages         = "161--167",
  doi           = "10.1016/S0169-2046(00)00039-6",
  url           = "https://doi.org/10.1016/S0169-2046(00)00039-6",
  note          = ""
}

@Article{Boennec2017,
  author        = "Rémy Le Boennec, and Frédéric Salladarré",
  title         = "The impact of air pollution and noise on the real estate market. The case of the 2013 European Green Capital: Nantes, France",
  journal       = "Ecological Economics",
  volume        = "138",
  number        = "",
  month         = aug,
  year          = "2017",
  pages         = "82--89",
  doi           = "10.1016/j.ecolecon.2017.03.030",
  url           = "https://doi.org/10.1016/j.ecolecon.2017.03.030",
  note          = ""
}

@Article{Francke2017,
  author        = "Marc K. Francke, and Alex van de Minne",
  title         = "The Hierarchical Repeat Sales Model for Granula Commercial Real Estate and Residential Price Indices",
  journal       = "The Journal of Real Estate Finance and Economics",
  volume        = "55",
  number        = "4",
  month         = nov,
  year          = "2017",
  pages         = "511--532",
  doi           = "10.1007/s11146-017-9632-1",
  url           = "https://doi.org/10.1007/s11146-017-9632-1",
  note          = "",
}

% [ /articles ] -------------------------------------------

% [ books ] -----------------------------------------------
@Book{James2014,
  author =       "Gareth James, Daniela Witten, Trevor Hastie, and Robert Tibshirani",
  title =        "An Introduction to Statistical Learning with Applications in R",
  publisher =    "Springer",
  year =         "2014",
  address =      "New York, NY",
  edition =      "",
  editor =       "",
  volume =       "",
  number =       "",
  series =       "",
  month =        "",
  note =         "",
}

@InBook{James2014:LinearRegression,
  author =      {Gareth James, Daniela Witten, Trevor Hastie, and Robert Tibshirani},
  editor =      {},
  title =       {An Introduction to Statistical Learning with Applications in R},
  chapter =     {Linear Regression},
  year =        {2014},
  address =     {New York, NY},
  publisher =   {Springer},
  url =         {https://www.statlearning.com/s/ISLR-Seventh-Printing-xwa7.pdf},
  pages =       {59--120},
  numpages =    {61},
  acmid =       {},
  isbn =        {978-1-4614-7137-0},
  number =      "",
  type =        "",
  month =       "",
  note =        "",
}

@Book{Gelman2007,
  author =       "Andrew Gelman, and Jennifer Hill",
  title =        "Data Analysis Using Regression and Multilevel/Hierarchical Models",
  publisher =    "Cambridge University Press",
  year =         "2007",
  address =      "New York, NY",
  edition =      "",
  editor =       "",
  volume =       "",
  number =       "",
  series =       "",
  month =        "",
  note =         "",
}

@InBook{Gelman2007:GLM,
  author =      {Andrew Gelman, and Jennifer Hill},
  editor =      {},
  title =       {Data Analysis Using Regression and Multilevel/Hierarchical Models},
  chapter =     {Generalized Linear Models},
  year =        {2007},
  address =     {New York, NY},
  publisher =   {Cambridge University Press},
  url =         {},
  pages =       {134--157},
  numpages =    {23},
  acmid =       {},
  isbn =        {978-0-521-86706-1},
  number =      "",
  type =        "",
  month =       "",
  note =        "",
}

@InBook{Gelman2007:MultilevelLinReg,
  author =      {Andrew Gelman, and Jennifer Hill},
  editor =      {},
  title =       {Data Analysis Using Regression and Multilevel/Hierarchical Models},
  chapter =     {Multilevel Regression},
  year =        {2007},
  address =     {New York, NY},
  publisher =   {Cambridge University Press},
  url =         {},
  pages =       {304--323},
  numpages =    {19},
  acmid =       {},
  isbn =        {978-0-521-86706-1},
  number =      "",
  type =        "",
  month =       "",
  note =        "",
}

@Book{Gelman2014,
  author =       "Andrew Gelman, John B. Carlin, Hal S. Stern, David B. Dunson, Aki Vehtari, and Donald B. Rubin",
  title =        "Bayesian Data Analysis",
  publisher =    "CRC Press",
  year =         "2014",
  address =      "Boca Raton, FL",
  edition =      "3rd",
  editor =       "",
  volume =       "",
  number =       "",
  series =       "",
  month =        "",
  note =         "",
}

@InBook{Gelman2014:BayesianLinReg,
  author =      {Andrew Gelman, John B. Carlin, Hal S. Stern, David B. Dunson, Aki Vehtari, and Donald B. Rubin},
  editor =      {},
  title =       {Bayesian Data Analysis},
  chapter =     {Introduction to regression models},
  year =        {2014},
  address =     {Boca Raton, FL},
  publisher =   {CRC Press},
  url =         {},
  pages =       {353--378},
  numpages =    {15},
  acmid =       {},
  isbn =        {978-1-4398-4095-5},
  number =      "",
  type =        "",
  month =       "",
  note =        "",
}

@InBook{Gelman2014:HierarchicalModels,
  author =      {Andrew Gelman, John B. Carlin, Hal S. Stern, David B. Dunson, Aki Vehtari, and Donald B. Rubin},
  editor =      {},
  title =       {Bayesian Data Analysis},
  chapter =     {Hierarchical models},
  year =        {2014},
  address =     {Boca Raton, FL},
  publisher =   {CRC Press},
  url =         {},
  pages =       {353--378},
  numpages =    {15},
  acmid =       {},
  isbn =        {978-1-4398-4095-5},
  number =      "",
  type =        "",
  month =       "",
  note =        "",
}

@InBook{Gelman2014:HierarchicalLinearModels,
  author =      {Andrew Gelman, John B. Carlin, Hal S. Stern, David B. Dunson, Aki Vehtari, and Donald B. Rubin},
  editor =      {},
  title =       {Bayesian Data Analysis},
  chapter =     {Hierarchical linear models},
  year =        {2014},
  address =     {Boca Raton, FL},
  publisher =   {CRC Press},
  url =         {},
  pages =       {353--378},
  numpages =    {15},
  acmid =       {},
  isbn =        {978-1-4398-4095-5},
  number =      "",
  type =        "",
  month =       "",
  note =        "",
}

% [ /books ] ----------------------------------------------